@report{JPlagP,
  author = {Lutz Perchelt & Guido Malphol & Michael Phlippsen},
  title  = {JPlag: Finding plagiarisms among a set of programs},
  date   = {2000-03-28}
}

@report{PLAGGIE,
  author = {Aleksi Ahtianien & Sami Surakka & Mikko Rahikainen},
  title  = {Plaggie: GNU-licensed Source Code Plagiarism Detection Engine for Java Exercises},
  year   = {2006}
}

@report{UMOSS,
  author = {Kevin W. Bowyer & Lawrence O. Hall},
  title  = {Experience Using ”MOSS” to Detect Cheating On Programming Assignments}
}

@report{WINN,
  author = {Saul Schleimer & Daniel S. Willkerson & Alex Aiken},
  title  = {Winnowing: Local Algorithms for Document Fingerprinting},
  year   = {2003}
}

@report{SENPRE,
    author = {Dylan Ryman & P.K. Imbrie & Jeff Kastner},
    title = {Sensitivity Preservation and Precision of Plagiarism Detection Engines for Modified Short Programs},
    year = {2022}
}

@online{HMOSSW,
    author = {Danny Yang},
    title = {How MOSS Works},
    date = {2019-05-03},
    urldate = {2022-10-22},
    url = {https://yangdanny97.github.io/blog/2019/05/03/MOSS}
}